@article{turing-1950,
	author = {Turing, A. M.},
	journal = {Mind},
	month = {10},
	number = {236},
	pages = {433--460},
	title = {{I.—COMPUTING MACHINERY AND INTELLIGENCE}},
	volume = {LIX},
	year = {1950},
	doi = {10.1093/mind/lix.236.433},
	url = {https://doi.org/10.1093/mind/lix.236.433},
}

@article{weizenbaum-1966,
	author = {Weizenbaum, Joseph},
	journal = {Communications of the ACM},
	month = {1},
	number = {1},
	pages = {36--45},
	title = {{ELIZA—a computer program for the study of natural language communication between man and machine}},
	volume = {9},
	year = {1966},
	doi = {10.1145/365153.365168},
	url = {https://doi.org/10.1145/365153.365168},
}

@article{colby-1981,
	author = {Colby, Kenneth Mark},
	journal = {Behavioral and Brain Sciences},
	month = {12},
	number = {4},
	pages = {515--534},
	title = {{Modeling a paranoid mind}},
	volume = {4},
	year = {1981},
	doi = {10.1017/s0140525x00000030},
	url = {https://doi.org/10.1017/s0140525x00000030},
}

@book{wallace-2007,
	author = {Wallace, Richard S.},
	booktitle = {Springer eBooks},
	month = {11},
	pages = {181--210},
	title = {{The anatomy of A.L.I.C.E.}},
	year = {2007},
	doi = {10.1007/978-1-4020-6710-5\{_}13},
	url = {https://doi.org/10.1007/978-1-4020-6710-5_13},
}

@book{ramesh-2017,
	author = {Ramesh, Kiran and Ravishankaran, Surya and Joshi, Abhishek and Chandrasekaran, K.},
	booktitle = {Communications in computer and information science},
	month = {1},
	pages = {336--350},
	title = {{A survey of design techniques for conversational agents}},
	year = {2017},
	doi = {10.1007/978-981-10-6544-6\{_}31},
	url = {https://doi.org/10.1007/978-981-10-6544-6_31},
}

@article{marietto-2013,
	author = {Marietto, Maria Das Gracas Bruno and Aguiar, Rafael Varagode and De Oliveira Barbosa, Gislene and Botelho, Wagner Tanaka and Pimentel, Edson and Franca, Robson Dos Santos and Da Silva, Vera Lucia},
	journal = {International Journal of Computer Science & Engineering Survey},
	month = {6},
	number = {3},
	pages = {1--20},
	title = {{Artificial Intelligence Markup Language: A brief tutorial}},
	volume = {4},
	year = {2013},
	doi = {10.5121/ijcses.2013.4301},
	url = {https://doi.org/10.5121/ijcses.2013.4301},
}

@book{adamopoulou-2020,
	author = {Adamopoulou, Eleni and Moussiades, Lefteris},
	booktitle = {IFIP advances in information and communication technology},
	month = {1},
	pages = {373--383},
	title = {{An overview of Chatbot technology}},
	year = {2020},
	doi = {10.1007/978-3-030-49186-4\{_}31},
	url = {https://doi.org/10.1007/978-3-030-49186-4_31},
}

@article{kucherbaev-2018,
	author = {Kucherbaev, Pavel and Bozzon, Alessandro and Houben, Geert-Jan},
	journal = {IEEE Internet Computing},
	month = {6},
	number = {6},
	pages = {36--43},
	title = {{Human-Aided bots}},
	volume = {22},
	year = {2018},
	doi = {10.1109/mic.2018.252095348},
	url = {https://doi.org/10.1109/mic.2018.252095348},
}

@article{zhong-2020,
	author = {Zhong, Haoxi and Xiao, Chaojun and Tu, Cunchao and Zhang, Tianyang and Liu, Zhiyuan and Sun, Maosong},
	journal = {arXiv (Cornell University)},
	month = {1},
	title = {{How does NLP benefit legal System: A summary of Legal Artificial intelligence}},
	year = {2020},
	doi = {10.48550/arxiv.2004.12158},
	url = {https://arxiv.org/abs/2004.12158},
}
@article{abdallah-2023,
	author = {Abdallah, Abdelrahman and Piryani, Bhawna and Jatowt, Adam},
	journal = {Journal Of Big Data},
	month = {8},
	number = {1},
	title = {{Exploring the state of the art in legal QA systems}},
	volume = {10},
	year = {2023},
	doi = {10.1186/s40537-023-00802-8},
	url = {https://doi.org/10.1186/s40537-023-00802-8},
}

@article{choi-2023,
	author = {Choi, Jonathan H. and Hickman, Kristin E. and Monahan, Amy and Schwarcz, Daniel},
	journal = {SSRN Electronic Journal},
	month = {1},
	title = {{ChatGPT goes to law school}},
	year = {2023},
	doi = {10.2139/ssrn.4335905},
	url = {https://doi.org/10.2139/ssrn.4335905},
}

@article{chalkidis-2020,
	author = {Chalkidis, Ilias and Fergadiotis, Manos and Malakasiotis, Prodromos and Aletras, Nikolaos and Androutsopoulos, Ion},
	journal = {arXiv (Cornell University)},
	month = {1},
	title = {{LEGAL-BERT: The Muppets straight out of Law School}},
	year = {2020},
	doi = {10.48550/arxiv.2010.02559},
	url = {https://arxiv.org/abs/2010.02559},
}

}